@misc{dirspec,
  author = {Roger Dingledine and Nick Mathewson},
  title = {Tor directory protocol, version 3},
  note = {\url{https://gitweb.torproject.org/tor.git/blob_plain/HEAD:/doc/spec/dir-spec.txt}},
}

@inproceedings{loesing2009measuring,
  title = {Measuring the {Tor} Network from Public Directory Information},
  author = {Karsten Loesing},
  booktitle = {Proc.\ HotPETS},
  year = {2009},
  month = Aug,
  address = {Seattle, WA},
  note = {\url{https://metrics.torproject.org/papers/hotpets09.pdf}},
}

@inproceedings{loesing2010case,
  title = {A Case Study on Measuring Statistical Data in the {Tor} Anonymity Network},
  author = {Karsten Loesing and Steven J. Murdoch and Roger Dingledine},
  booktitle = {Proc.\ Workshop on Ethics in Computer Security Research},
  year = {2010},
  month = Jan,
  address = {Tenerife, Canary Islands, Spain},
  note = {\url{https://metrics.torproject.org/papers/wecsr10.pdf}},
}

@techreport{hahn2010privacy,
  title = {Privacy-preserving Ways to Estimate the Number of Tor Users},
  author = {Sebastian Hahn and Karsten Loesing},
  institution = {The Tor Project},
  year = {2010},
  month = Nov,
  type = {Technical Report},
  note = {\url{https://metrics.torproject.org/papers/countingusers-2010-11-30.pdf}},
}

@techreport{loesing2009analysis,
  title = {Analysis of Circuit Queues in {Tor}},
  author = {Karsten Loesing},
  institution = {The Tor Project},
  year = {2009},
  month = Aug,
  note = {\url{https://metrics.torproject.org/papers/bufferstats-2009-08-25.pdf}},
}

