@misc{dirspec,
  author = {Roger Dingledine and Nick Mathewson},
  title = {Tor directory protocol, version 3},
  note = {\url{https://gitweb.torproject.org/tor.git/blob_plain/HEAD:/doc/spec/dir-spec.txt}},
}

@techreport{loesing2011analysis,
  title = {An Analysis of {Tor} Relay Stability},
  author = {Karsten Loesing},
  institution = {The Tor Project},
  year = {2011},
  month = {June},
  type = {Technical Report},
  note = {\url{https://metrics.torproject.org/papers/relay-stability-2011-06-30.pdf}},
}

@techreport{loesing2011overview,
  title = {Overview of Statistical Data in the {Tor} Network},
  author = {Karsten Loesing},
  institution = {The Tor Project},
  year = {2011},
  month = {March},
  type = {Technical Report},
  note = {\url{https://metrics.torproject.org/papers/data-2011-03-14.pdf}},
}

