@misc{proposal146,
  author = {Nick Mathewson},
  title = {Add new flag to reflect long-term stability},
  note = {\url{https://gitweb.torproject.org/torspec.git/blob_plain/HEAD:/proposals/146-long-term-stability.txt}},
}

@misc{dirspec,
  author = {Roger Dingledine and Nick Mathewson},
  title = {Tor directory protocol, version 3},
  note = {\url{https://gitweb.torproject.org/tor.git/blob_plain/HEAD:/doc/spec/dir-spec.txt}},
}

@phdthesis{loesing2009thesis,
  title = {Privacy-enhancing Technologies for Private Services},
  author = {Karsten Loesing},
  school = {University of Bamberg},
  year = {2009},
  month = {May},
  note = {\url{http://www.opus-bayern.de/uni-bamberg/volltexte/2009/183/pdf/loesingopusneu.pdf}},
}

@techreport{loesing2011overview,
  title = {Overview of Statistical Data in the {Tor} Network},
  author = {Karsten Loesing},
  institution = {The Tor Project},
  year = {2011},
  month = {March},
  type = {Technical Report},
  note = {\url{https://metrics.torproject.org/papers/data-2011-03-14.pdf}},
}

